<?xml version="1.0" encoding="UTF-8"?><collection xmlns="http://www.loc.gov/MARC21/slim"><record><leader>00360nam--2200109-i-4500</leader><controlfield tag="001">000044274</controlfield><controlfield tag="002">20161230</controlfield><controlfield tag="005">20161230201044</controlfield><controlfield tag="008">060222s1000------------r-----000-0-eng-d</controlfield><datafield ind1=" " ind2=" " tag="245"><subfield code="a">La theorie quantique des champs. douzieme conseil de physique tenu a l`univ.libre de bruxelles du 9 au 14 oct.1961</subfield></datafield><datafield ind1=" " ind2=" " tag="260"><subfield code="a">Ne York, Interscience Publ., /1962/, 261p</subfield></datafield><datafield ind1=" " ind2=" " tag="852"><subfield code="a">19221</subfield></datafield></record></collection>